<?xml version = "1.0" encoding = "UTF-8"?><OAI-PMH xmlns="http://www.openarchives.org/OAI/2.0/" xmlns:xsi="http://www.w3.org/2001/XMLSchema-instance" xsi:schemaLocation="http://www.openarchives.org/OAI/2.0/ http://www.openarchives.org/OAI/2.0/OAI-PMH.xsd"><ListRecords><record><header><identifier>aleph-publish:009582830</identifier></header><metadata><record xmlns="http://www.ddb.de/professionell/mabxml/mabxml-1.xsd"><leader>00161vM2.01200024------u</leader><controlfield tag="LDR">00161vM2.01200024------u</controlfield><controlfield tag="FMT">MU</controlfield><datafield tag="001" ind1="-" ind2="1"><subfield code="a">HT003654516</subfield></datafield><datafield tag="001" ind1="-" ind2="2"><subfield code="a">HT002152208</subfield></datafield><datafield tag="002" ind1="a" ind2="1"><subfield code="a">19901130</subfield></datafield><datafield tag="002" ind1="a" ind2="2"><subfield code="a">19991120</subfield></datafield><datafield tag="003" ind1="-" ind2="1"><subfield code="a">20210408081946.0</subfield></datafield><datafield tag="003" ind1="-" ind2="2"><subfield code="a">20220904200400.0</subfield></datafield><datafield tag="010" ind1="-" ind2="1"><subfield code="a">HT002152208</subfield></datafield><datafield tag="020" ind1="a" ind2="2"><subfield code="a">722325-0</subfield><subfield code="b">DNB</subfield></datafield><datafield tag="025" ind1="a" ind2="2"><subfield code="a">01390986X</subfield></datafield><datafield tag="025" ind1="z" ind2="2"><subfield code="a">722325-0</subfield></datafield><datafield tag="025" ind1="o" ind2="2"><subfield code="a">1072377199</subfield></datafield><datafield tag="026" ind1="-" ind2="2"><subfield code="a">ZDB722325-0</subfield></datafield><controlfield tag="030">a|1uc||||||||</controlfield><datafield tag="036" ind1="a" ind2="2"><subfield code="a">XA-DE</subfield></datafield><datafield tag="037" ind1="b" ind2="2"><subfield code="a">ger</subfield></datafield><datafield tag="060" ind1="-" ind2="2"><subfield code="b">txt</subfield><subfield code="a">Text</subfield></datafield><datafield tag="061" ind1="-" ind2="2"><subfield code="b">n</subfield><subfield code="a">ohne Hilfsmittel zu benutzen</subfield></datafield><datafield tag="062" ind1="-" ind2="2"><subfield code="b">nc</subfield><subfield code="a">Band</subfield></datafield><datafield tag="064" ind1="a" ind2="2"><subfield code="a">Zeitschrift</subfield><subfield code="9">(DE-588)4067488-5</subfield></datafield><datafield tag="070" ind1="-" ind2="1"><subfield code="a">294</subfield></datafield><datafield tag="070" ind1="-" ind2="2"><subfield code="a">9001</subfield></datafield><datafield tag="070" ind1="a" ind2="2"><subfield code="a">DNB</subfield></datafield><datafield tag="070" ind1="b" ind2="2"><subfield code="a">9999</subfield></datafield><datafield tag="073" ind1="-" ind2="2"><subfield code="a">3,2</subfield></datafield><datafield tag="073" ind1="-" ind2="2"><subfield code="a">19,1</subfield></datafield><datafield tag="080" ind1="-" ind2="1"><subfield code="a">60</subfield></datafield><controlfield tag="089">1989 ([1990])</controlfield><datafield tag="090" ind1="-" ind2="1"><subfield code="a">1989</subfield></datafield><datafield tag="200" ind1="-" ind2="2"><subfield code="k">Bergbau-Berufsgenossenschaft</subfield><subfield code="9">(DE-588)2005827-5</subfield></datafield><datafield tag="201" ind1="-" ind2="2"><subfield code="k">Bergbau-BG</subfield></datafield><datafield tag="201" ind1="-" ind2="2"><subfield code="k">BBG</subfield></datafield><datafield tag="331" ind1="-" ind2="2"><subfield code="a">Jahresbericht ...</subfield></datafield><datafield tag="333" ind1="-" ind2="2"><subfield code="a">Bergbau-Berufsgenossenschaft</subfield></datafield><datafield tag="376" ind1="c" ind2="2"><subfield code="a">Jahresbericht - Bergbau-Berufsgenossenschaft</subfield></datafield><datafield tag="405" ind1="-" ind2="2"><subfield code="a">1984(1985) - 2008(2009)</subfield></datafield><datafield tag="406" ind1="a" ind2="2"><subfield code="j">1984</subfield><subfield code="k">2008</subfield></datafield><datafield tag="419" ind1="-" ind2="2"><subfield code="a">Bochum</subfield><subfield code="b">Bergbau-Berufsgenossenschaft</subfield><subfield code="c">1985-2009</subfield><subfield code="A">3</subfield></datafield><datafield tag="425" ind1="b" ind2="2"><subfield code="a">1985</subfield></datafield><datafield tag="425" ind1="c" ind2="2"><subfield code="a">2009</subfield></datafield><datafield tag="435" ind1="-" ind2="2"><subfield code="a">30 cm</subfield></datafield><datafield tag="523" ind1="-" ind2="2"><subfield code="a">Ersch. jährl.</subfield></datafield><datafield tag="537" ind1="-" ind2="2"><subfield code="a">101b!(15-12-10)</subfield></datafield><datafield tag="542" ind1="a" ind2="2"><subfield code="a">0933-0127</subfield></datafield><datafield tag="542" ind1="a" ind2="2"><subfield code="a">0933-0127</subfield><subfield code="b">(ISSN-Zentrum für Deutschland)</subfield></datafield><datafield tag="574" ind1="-" ind2="2"><subfield code="a">87,B46,0104</subfield></datafield><datafield tag="700" ind1="-" ind2="2"><subfield code="a">330</subfield><subfield code="2">ZDB</subfield></datafield><datafield tag="700" ind1="-" ind2="2"><subfield code="a">360</subfield><subfield code="2">ZDB</subfield></datafield><datafield tag="700" ind1="-" ind2="2"><subfield code="a">620</subfield><subfield code="2">ZDB</subfield></datafield><datafield tag="700" ind1="-" ind2="2"><subfield code="a">660</subfield><subfield code="2">ZDB</subfield></datafield><datafield tag="700" ind1="-" ind2="2"><subfield code="a">17</subfield><subfield code="2">DNB</subfield></datafield><datafield tag="700" ind1="-" ind2="2"><subfield code="a">330</subfield><subfield code="2">DNB</subfield></datafield><datafield tag="700" ind1="-" ind2="2"><subfield code="a">380</subfield><subfield code="2">DNB</subfield></datafield><datafield tag="700" ind1="-" ind2="2"><subfield code="a">650</subfield><subfield code="2">DNB</subfield></datafield><datafield tag="700" ind1="-" ind2="2"><subfield code="a">670</subfield><subfield code="2">DNB</subfield></datafield><datafield tag="780" ind1="-" ind2="2"><subfield code="i">Vorg.:</subfield><subfield code="a">Bergbau-Berufsgenossenschaft</subfield><subfield code="t">Geschäftsbericht der Bergbau-Berufsgenossenschaft</subfield><subfield code="d">Bochum, 1971-1984</subfield><subfield code="x">0343-0510</subfield><subfield code="A">0</subfield><subfield code="9">HT002213874</subfield></datafield><datafield tag="780" ind1="-" ind2="2"><subfield code="i">Vorg.:</subfield><subfield code="a">Bergbau-Berufsgenossenschaft / Bezirksverwaltung Bonn</subfield><subfield code="t">Verwaltungsbericht des Bezirkes Bonn der Bergbau-Berufsgenossenschaft</subfield><subfield code="d">Bonn : Bezirksverwaltung, 1952-1984</subfield><subfield code="A">0</subfield><subfield code="9">HT012252748</subfield></datafield><datafield tag="780" ind1="-" ind2="2"><subfield code="i">Vorg.:</subfield><subfield code="a">Bergbau-Berufsgenossenschaft / Bezirksverwaltung Clausthal-Zellerfeld</subfield><subfield code="t">Verwaltungsbericht des Bezirks Clausthal-Zellerfeld der Bergbau-Berufsgenossenschaft</subfield><subfield code="d">Clausthal-Zellerfeld : Bezirksverwaltung, 1954-1984</subfield><subfield code="A">0</subfield><subfield code="9">HT012252749</subfield></datafield><datafield tag="780" ind1="-" ind2="2"><subfield code="i">Vorg.:</subfield><subfield code="a">Bergbau-Berufsgenossenschaft / Bezirksverwaltung Saarbrücken</subfield><subfield code="t">Verwaltungsbericht des Bezirks Saarbrücken der Bergbau-Berufsgenossenschaft</subfield><subfield code="d">Saarbrücken : Bergbau-Berufsgenoss., 1946-1984</subfield><subfield code="A">0</subfield><subfield code="9">HT006906561</subfield></datafield><datafield tag="780" ind1="-" ind2="2"><subfield code="i">Vorg.:</subfield><subfield code="a">Bergbau-Berufsgenossenschaft / Bezirksverwaltung Bochum</subfield><subfield code="t">Verwaltungsbericht der Bezirksverwaltung Bochum der Bergbau-Berufsgenossenschaft</subfield><subfield code="d">Bochum, 1952-1984</subfield><subfield code="A">0</subfield><subfield code="9">HT006962846</subfield></datafield><datafield tag="780" ind1="-" ind2="2"><subfield code="i">Vorg.:</subfield><subfield code="a">Bergbau-Berufsgenossenschaft / Bezirksverwaltung München</subfield><subfield code="t">Verwaltungsbericht des Bezirks München der Bergbau-Berufsgenossenschaft</subfield><subfield code="d">München, 1956-1984</subfield><subfield code="A">0</subfield><subfield code="9">HT012222900</subfield></datafield><datafield tag="785" ind1="-" ind2="2"><subfield code="i">Forts.:</subfield><subfield code="t">Jahresbericht der Partner-Berufsgenossenschaften ...</subfield><subfield code="d">Heidelberg : Berufsgenossenschaft Rohstoffe und Chemische Industrie, 2009-2009</subfield><subfield code="x">2193-3847</subfield><subfield code="A">0</subfield><subfield code="9">HT016632878</subfield></datafield><datafield tag="902" ind1="-" ind2="2"><subfield code="s">Bericht</subfield><subfield code="9">(DE-588)4128022-2</subfield></datafield><datafield tag="904" ind1="a" ind2="2"><subfield code="a">ZDB</subfield></datafield><controlfield tag="SYS">009582830</controlfield><datafield tag="LOW" ind1="-" ind2="1"><subfield code="a">B0001</subfield></datafield><datafield tag="952" ind1="-" ind2="2"><subfield code="s">Jahresbericht</subfield><subfield code="h">Formschlagwort</subfield></datafield><datafield tag="952" ind1="-" ind2="2"><subfield code="s">Berichtswesen</subfield></datafield><datafield tag="952" ind1="-" ind2="2"><subfield code="s">Tätigkeitsbericht</subfield><subfield code="h">Formschlagwort</subfield></datafield><datafield tag="952" ind1="-" ind2="2"><subfield code="s">Berichte</subfield></datafield><datafield tag="088" ind1=" " ind2=" "><subfield code="a">294</subfield><subfield code="b">00000023</subfield><subfield code="c">ZRC458-1988/89</subfield><subfield code="e">keine ILL</subfield></datafield></record></metadata></record></ListRecords></OAI-PMH>